@article{Adamopoulos1976,
	author = {Adamopoulos, L. },
	doi = {10.1007/BF01028982},
	journal = {Journal of the International Association for Mathematical Geology},
	number = {4},
	pages = {463--475},
	title = {Cluster models for earthquakes: Regional comparisons},
	volume = {8},
	year = {1976},
}


@article {Antoniadis2006,
    author = {Antoniadis, Anestis and Bigot, J\'{e}remie},
    title = {Poisson inverse problems},
    journal = {Annals of Statistics},
    volume = {34},
    year = {2006},
    number = {5},
    pages = {2132--2158},
}

@article{Bacry2013,
author = {Bacry, E and Delattre, S. and Hoffmann, M. and Muzy, J.F.},
year = {2013},
pages = {2475-2499},
title = {Scaling limits for {H}awkes processes and application to financial statistics},
volume = {123},
journal = {Stochastic Processes and Applications},
}

@article{Bacry2015,
	author = {Bacry, E. and Mastromatteo, I. and Muzy, J-F.},
	doi = {10.1142/S2382626615500057},
	journal = {Market Microstructure and Liquidity},
	number = {01},
	pages = {1550005},
	title = {Hawkes Processes in Finance},
	volume = {01},
	year = {2015},
}


@article{Bacry2016,
  title = {First- and Second-Order Statistics Characterization of {H}awkes Processes and Non-Parametric Estimation},
  author = {Bacry, E. and Muzy, J.F.},
  journal = {IEEE Transactions on Information Theory},
  volume = {62},
  pages = {2184-2202},
  year = {2016},
  number = {4},
  doi={10.1109/TIT.2016.2533397}
}

@article{Bacry2018,
  author  = {Bacry, E. and Bompaire, M. and Deegan, P. and Ga{{\"i}}ffas, S. and Poulsen, S.V.},
  title   = {tick: a Python Library for Statistical Learning, with an emphasis on {H}awkes Processes and Time-Dependent Models},
  journal = {Journal of Machine Learning Research},
  year    = {2018},
  volume  = {18},
  number  = {1},
  pages   = {7937-7941},
}

@article{Bompaire2018bis,
  author = {Bompaire, M. and Bacry, E. and Gaïffas, S.},
  title = {Dual optimization for convex constrained objectives without the gradient-Lipschitz assumption},
  note = {Preprint at \url{https://arxiv.org/abs/1807.03545}},
  year = {2018},
}


@article{Bacry2020,
  author  = {Bacry, E. and Bompaire, M. and Gaïffas, S. and Muzy, J.F.},
  title   = {Sparse and low-rank multivariate {H}awkes processes},
  journal = {Journal of Machine Learning Research},
  year    = {2020},
  volume  = {21},
  pages   = {1-32},
  number  = {1},
  doi = {10.5555/3455716.3455766}
}


@article{Bartlett1963,
 title = {The Spectral Analysis of Point Processes},
 author = {Bartlett, M. S.},
 year = {1963},
 volume = {25},
 pages = {264-296},
 journal = {Journal of the Royal Statistical Society. Series B (Methodological)},
 number = {2},
 doi = {10.1111/j.2517-6161.1963.tb00508.x},
}

@article{Bartlett1964,
 author = {M. S. Bartlett},
 journal = {Biometrika},
 number = {3/4},
 pages = {299--311},
 publisher = {[Oxford University Press, Biometrika Trust]},
 title = {The Spectral Analysis of Two-Dimensional Point Processes},
 volume = {51},
 year = {1964}
}


@article{bonnet2021,
title = {Maximum likelihood estimation for {H}awkes processes with self-excitation or inhibition},
journal = {Statistics \& Probability Letters},
volume = {179},
pages = {109214},
year = {2021},
author = {Bonnet, A. and {Martinez Herrera}, M. and Sangnier, M.},
doi = {10.1016/j.spl.2021.109214}
}


@article{Bonnet2022,
author = {Bonnet, A. and Lacour, C. and Picard, F. and Rivoirard, V.},
title = {Uniform deconvolution for Poisson point processes},
year = {2022},
publisher = {JMLR.org},
volume = {23},
number = {1},
issn = {1532-4435},
numpages = {36},
}


@article{Bonnet2022bis,
title = {Neuronal network inference and membrane potential model using multivariate Hawkes processes},
journal = {Journal of Neuroscience Methods},
volume = {372},
pages = {109550},
year = {2022},
author = {Bonnet, A. and Dion-Blanc, C. and Gindraud, F. and Lemler, S.},
doi = {10.1016/j.jneumeth.2022.109550}
}

@article{Bonnet2023,
author = {Bonnet, A and Martinez Herrera, M. and Sangnier, M.},
year = {2023},
pages = {},
title = {Inference of multivariate exponential {H}awkes processes with inhibition and application to neuronal activity},
volume = {33},
journal = {Statistics and Computing},
number = {91},
doi = {10.1007/s11222-023-10264-w}
}

@article{Bremaud1996,
author = {Brémaud, P. and Massoulié, L.},
year = {1996},
pages = {1563-1588},
title = {Stability of nonlinear {H}awkes processes},
volume = {24},
journal = {The Annals of Probability},
number = {3},
doi = {10.1214/aop/1065725193}
}

@inbook{Brillinger2012,
	address = {New York, NY},
	author = {Brillinger, D. R.},
	booktitle = {Selected Works of David Brillinger},
	pages = {499--543},
	publisher = {Springer New York},
	title = {Statistical Inference for Stationary Point Processes},
	year = {2012},
}


@article{Brown2001,
    author = {Brown, G. D. and Yamada, S. and Sejnowski, T. J.},
    title = {Independent component analysis at the neural cocktail party.},
    journal = {Trends in neurosciences},
    year = {2001},
    volume = {24},
    pages = {54-63},
    number = {1},
    doi = {10.1016/s0166-2236(00)01683-0}
}


@article{Byrd1995,
title = {A Limited Memory Algorithm for Bound Constrained Optimization},
journal = {SIAM Journal on Scientific and Statistical Computing},
volume = {16},
pages = {1190-1208},
year = {1995},
author = {Byrd, R.H. and Lu, P. and Nocedal, J. and Zhu, C.},
number = {5},
doi = {10.1137/0916069}
}


@article{Chen2017,
  author = {Chen, S. and Shojaie, A. and Shea-Brown, E. and Witten, D.},
  title = {The Multivariate {H}awkes Process in High Dimensions: Beyond Mutual Excitation},
  note = {Preprint at \url{https://arxiv.org/abs/1707.04928}},
  year = {2017},
}


@article{Chen2018,
author = {Chen, J.M. and Hawkes, A.G. and Scalas, E. and Trinh, M.},
title = {Performance of information criteria for selection of {H}awkes process models of financial data},
journal = {Quantitative Finance},
volume = {18},
pages = {225-235},
year  = {2018},
number = {2},
doi = {10.1080/14697688.2017.1403140}
}


@article{Chevallier2019,
title = {Mean field limits for nonlinear spatially extended Hawkes processes with exponential memory kernels},
journal = {Stochastic Processes and their Applications},
volume = {129},
number = {1},
pages = {1-27},
year = {2019},
author = {J. Chevallier and A. Duarte and E. Löcherbach and G. Ost}}



@article{Cheysson2022,
	author = {Cheysson, F. and Lang, G.},
	doi = {10.1214/22-AOS2173},
	journal = {The Annals of Statistics},
	number = {3},
	pages = {1722 -- 1746},
	publisher = {Institute of Mathematical Statistics},
	title = {{Spectral estimation of Hawkes processes from count data}},
	volume = {50},
	year = {2022},
}


@article{Chornoboy1988,
	author = {Chornoboy, E. S. and Schramm, L. P. and Karr, A. F.},
	doi = {10.1007/BF00332915},
	journal = {Biological Cybernetics},
	number = {4},
	pages = {265--275},
	title = {Maximum likelihood identification of neural point process systems},
	volume = {59},
	year = {1988},
}

@article{Comon2004,
author = {Comon, P.},
title = {Contrasts, independent component analysis, and blind deconvolution},
journal = {International Journal of Adaptive Control and Signal Processing},
volume = {18},
number = {3},
pages = {225-243},
doi = {https://doi.org/10.1002/acs.791},
year = {2004}
}


@article{Congedo2008,
  title = {{On the blind source separation of human electroencephalogram by approximate joint diagonalization of second order statistics}},
  author = {Congedo, Marco and Gouy-Pailler, Cedric and Jutten, Christian},
  journal = {{Clinical Neurophysiology}},
  volume = {119},
  number = {12},
  pages = {2677-2686},
  year = {2008},
  doi = {10.1016/j.clinph.2008.09.007},
}


@article{Costa2020,
    title={Renewal in {H}awkes processes with self-excitation and inhibition},
    author={Costa, M. and Graham, C. and Marsalle, L. and Tran, V.},
    year = {2020},
    volume = {52},
    pages = {879-915},
    journal = {Advances in Applied Probability},
    number = {3},
    doi = {10.1017/apr.2020.19}
}


@article{DaFonseca2013,
author = {Da Fonseca, J. and Zaatour, R.},
year = {2013},
pages = {548-579},
title = {{H}awkes Process: Fast Calibration, Application to Trade Clustering, and Diffusive Limit},
volume = {34},
journal = {Journal of Futures Markets},
number = {6},
}


@article{Daley1971,
 author = {Daley, D. J.},
 journal = {Journal of the Royal Statistical Society. Series B (Methodological)},
 number = {3},
 pages = {406--428},
 publisher = {[Royal Statistical Society, Wiley]},
 title = {Weakly Stationary Point Processes and Random Measures},
 volume = {33},
 year = {1971}
}

@book{DaleyV1,
  author = {Daley, D.J. and Vere-Jones, D.},
  edition = {Second},
  publisher = {Springer-Verlag},
  title = {An introduction to the theory of point processes. {V}ol. {I}},
  year = {2003},
  address = {New {Y}ork},
}


@book{DaleyV2,
  author = {Daley, D.J. and Vere-Jones, D.},
  edition = {Second},
  publisher = {Springer-Verlag},
  title = {An introduction to the theory of point processes. {V}ol. {II}},
  year = {2008},
  address = {New {Y}ork},
}

@article{Dassios2011,
author = {Dassios, Angelos and Zhao, Hongbiao},
journal = {Advances in Applied Probability},
number = {3},
pages = {814--846},
title = {{A dynamic contagion process}},
volume = {43},
year = {2011}
}

@article{Davis1984,
author = {Davis, M. H. A.},
journal = {Journal of the Royal Statistical Society Series B (Methodological)},
number = {3},
pages = {353--388},
title = {{Piecewise-Deterministic Markov Processes : A General Class of Non-Diffusion Stochastic Models}},
volume = {46},
year = {1984}
}


@article{Derek2019,
	author = {{Derek Tucker}, J. and Shand, L and Lewis, J.R.},
	doi = {https://doi.org/10.1016/j.spasta.2018.12.004},
	journal = {Spatial Statistics},
	pages = {160-176},
	title = {Handling missing data in self-exciting point process models},
	volume = {29},
	year = {2019},
}



@article{Deutsch2020,
  author = {Deutsch, I. and Ross, G.J.},
  title = {ABC Learning of Hawkes Processes with Missing or Noisy Event Times},
  note = {Preprint at \url{https://arxiv.org/abs/2006.09015}},
  year = {2020},
}

@article{Deutsch2022,
  author = {Deutsch, I. and Ross, G.J.},
  title = {Bayesian Estimation of Multivariate {H}awkes Processes
with Inhibition and Sparsity},
  note = {Preprint at \url{https://arxiv.org/abs/2201.05009}},
  year = {2022},
}

@article{Ding1997,
  author={Ding, Z.},
  journal={IEEE Transactions on Signal Processing}, 
  title={Matrix outer-product decomposition method for blind multiple channel identification}, 
  year={1997},
  volume={45},
  number={12},
  pages={3053-3061},
  doi={10.1109/78.650264}
}

@article{Donnet2020,
author = {Donnet, S. and Rivoirard, V. and Rousseau, J.},
year = {2020},
pages = {2698 - 2727},
title = {Nonparametric Bayesian estimation for multivariate {H}awkes processes},
volume = {48},
number = {5},
journal = {Annals of Statistics},
doi = {10.1214/19-AOS1903}
}


@article{Duarte2019,
author = {Duarte, Aline and L{\"{o}}cherbach, Eva and Ost, Guilherme},
doi = {10.1051/ps/2019005},
eprint = {1610.03300},
journal = {ESAIM: Probability and Statistics},
pages = {770--796},
title = {{Stability, convergence to equilibrium and simulation of non-linear Hawkes processes with memory kernels given by the sum of Erlang kernels}},
volume = {23},
year = {2019}
}


@INPROCEEDINGS{Duker2019,
  author={Düker, Marie-Christine and Pipiras, Vladas},
  booktitle={2019 IEEE 8th International Workshop on Computational Advances in Multi-Sensor Adaptive Processing (CAMSAP)}, 
  title={Asymptotic results for multivariate local Whittle estimation with applications}, 
  year={2019},
  volume={},
  number={},
  pages={584-588},
  doi={10.1109/CAMSAP45676.2019.9022642}
}


@article{Duval2021,
  author = {Duval, C. and Luçon, E. and Pouzat, C.},
  title = {Interacting {H}awkes processes with multiplicative inhibition},
  volume = {148},
  pages = {180-226},
  journal = {Stochastic Processes and their Applications},
  year = {2022},
  doi = {10.1016/j.spa.2022.02.008}
}



@article{Embrechts2011, 
  title={Multivariate Hawkes processes: an application to financial data}, 
  volume={48}, 
  doi={10.1239/jap/1318940477}, 
  number={A}, 
  journal={Journal of Applied Probability}, 
  publisher={Cambridge University Press}, 
  author={Embrechts, P. and Liniger, T. and Lin, L.}, 
  year={2011}, 
  pages={367–378}
}

@inproceedings{Gupta2018,
  author = {Gupta, A. and Farajtabar, M. and Dilkina, B. and Zha, H.},
  booktitle = {Proceedings of the Twenty-Seventh International Joint Conference on Artificial Intelligence, {IJCAI-18}},
  doi = {10.24963/ijcai.2018/470},
  month = {7},
  pages = {3385--3392},
  publisher = {International Joint Conferences on Artificial Intelligence Organization},
  title = {Discrete Interventions in Hawkes Processes with Applications in Invasive Species Management},
  year = {2018}
}

@article{Guo2018,
  author = {Guo, X. and Hu, A. and Xu, R. and Zhang, J.},
  title = {Consistency and Computation of Regularized MLEs for Multivariate {H}awkes Processes},
  note = {Preprint at \url{https://arxiv.org/abs/1810.02955}},
  year = {2018},
}

@article{Hawkes1971,
 author = {Hawkes, A.G.},
 journal = {Biometrika},
 number = {1},
 pages = {83-90},
 title = {Spectra of Some Self-Exciting and Mutually Exciting Point Processes},
 volume = {58},
 year = {1971},
 doi = {10.2307/2334319}
}

@article{Hawkes1974,
    title={A cluster process representation of a self-exciting process},
    volume={11},
    journal={Journal of Applied Probability},
    author={{H}awkes, A.G. and Oakes, D.},
    year={1974},
    pages={493–503},
    number = {3},
    doi = {10.2307/3212693}
}


@article{Hohage2016,
  title={Inverse problems with {P}oisson data: statistical regularization theory, applications and algorithms},
  author={Hohage, Thorsten and Werner, Frank},
  journal={Inverse Problems},
  volume={32},
  number={9},
  pages={093001},
  year={2016},
  publisher={IOP Publishing}
}


@book{Joliffe2002,
  author = {Joliffe, I.T.},
  edition = {Second},
  publisher = {Springer-Verlag},
  title = {Principal Component Analysis},
  year = {2002},
  address = {New {Y}ork},
}


@inproceedings{Karavasilis2007,
  author={Karavasilis, G. J. and Rigas, A. G.},
  booktitle={2007 15th European Signal Processing Conference}, 
  title={Spectral analysis techniques of stationary point processes used for the estimation of cross-correlation: Application to the study of a neurophysiological system}, 
  year={2007},
  pages={2479-2483},
}


@article{Kirchner2017,
author = {Kirchner, M.},
year = {2017},
volume = {17},
pages = {571-595},
title = {An estimation procedure for the {H}awkes process},
journal = {Quantitative Finance},
number={4},
doi = {10.1080/14697688.2016.1211312}
}


@article{Lambert2018,
title = {Reconstructing the functional connectivity of multiple spike trains using Hawkes models},
journal = {Journal of Neuroscience Methods},
volume = {297},
pages = {9-21},
year = {2018},
doi = {https://doi.org/10.1016/j.jneumeth.2017.12.026},
author = {Lambert, R.C. and Tuleau-Malot, C. and Bessaih, T. and Rivoirard, V. and Bouret, Y. and Leresche, N. and Reynaud-Bouret, P.},
}


@article{Laub2014,
    author = {Laub, P.},
    title = {Hawkes Processes: Simulation, Estimation, and Validation},
    school = {University of Queensland},
    year = {2014},
    type={Bachelor's Thesis},
    journal = {Bachelor's Thesis, University of Queensland},
}


@inproceedings{Lee2016,
 author={Lee, Y. and Lim, K.W. and Ong, C.S.},
 title={Hawkes Processes with Stochastic Excitations},
 booktitle={Proceedings of the 33st International Conference on Machine Learning},
 year={2016},
 publisher={Proceedings of Machine Learning Research},
 pages={79-88},
}

@inproceedings{Lemonnier2014,
 author={Lemonnier, R. and Vayatis, N.},
 title={Nonparametric Markovian Learning of Triggering Kernels for Mutually Exciting and Mutually Inhibiting Multivariate {H}awkes Processes},
 booktitle={Machine Learning and Knowledge Discovery in Databases},
 year={2014},
 publisher={Springer Berlin Heidelberg},
 pages={161–176},
 volume = {8725},
 address = {Berlin},
 editor = {Calders, T. and Esposito, F. and Hüllermeier, E. and Meo, R.},
}

@article{Lewis2011,
author = {Lewis, E. and Mohler, G.},
year = {2011},
volume = {1},
pages = {1-20},
title = {A Nonparametric EM Algorithm for Multiscale {H}awkes Processes},
journal = {Journal of Nonparametric Statistics},
}


@InProceedings{Linderman2014,
 author = {Linderman, S. and Adams, R},
 title = {Discovering Latent Network Structure in Point Process Data},
 booktitle = {Proceedings of the 31st International Conference on Machine Learning},
 year = {2014},
 publisher = {Proceedings of Machine Learning Research},
 pages = {1413-1421},
 editor = {Xing, E. P. and Jebara, T.},
 address = {Beijing, China},
 volume = {32},
}


@article{Lund2000,
 author = {Lund, J. and Rudemo, M.},
 journal = {Biometrika},
 number = {2},
 pages = {235--249},
 title = {Models for Point Processes Observed with Noise},
 volume = {87},
 year = {2000}
}


@inproceedings{Mei2017,
author = {Mei, H. and Eisner, J.},
title = {The Neural {H}awkes Process: A Neurally Self-Modulating Multivariate Point Process},
year = {2017},
publisher = {Curran Associates Inc.},
booktitle = {Proceedings of the 31st International Conference on Neural Information Processing Systems},
pages = {6757–6767},
address = {California}, 
}


@InProceedings{Mei2019,  
	title =  {Imputing Missing Events in Continuous-Time Event Streams},  
	author =       {Mei, Hongyuan and Qin, Guanghui and Eisner, Jason},  
	booktitle =  {Proceedings of the 36th International Conference on Machine Learning},  
	pages =  {4475--4485},  
	year =  {2019},  
	editor =  {Chaudhuri, Kamalika and Salakhutdinov, Ruslan},  
	volume =  {97},  
	series =  {Proceedings of Machine Learning Research},  
	publisher =    {PMLR},  
	pdf =  {http://proceedings.mlr.press/v97/mei19a/mei19a.pdf}  }

@InProceedings{Mishra2016,
  author = {Mishra, S. and Rizoiu, M.A. and Xie, L.},
  title = {Feature Driven and Point Process Approaches for Popularity Prediction},
  booktitle = {Proceedings of the 25th {ACM} International Conference on Information and Knowledge Management, {CIKM} 2016, Indianapolis, IN, USA, October 24-28, 2016}, 
  year = {2016},
  pages = {1069-1078},
  publisher = {{ACM}},
  address = {New York},
}

@article{Mohler2011,
author = {Lewis, E. and Mohler, G.},
year = {2011},
volume = {1},
pages = {1-20},
title = {A Nonparametric EM Algorithm for Multiscale {H}awkes Processes},
journal = {Journal of Nonparametric Statistics},
}


@article{Mugglestone1996,
	author = {Mugglestone, M.A. and Renshaw, E.},
	doi = {https://doi.org/10.1016/0167-9473(95)00007-0},
	journal = {Computational Statistics \& Data Analysis},
	number = {1},
	pages = {43-65},
	title = {A practical guide to the spectral analysis of spatial point processes},
	volume = {21},
	year = {1996},
}

@article{Mugglestone2001,
	author = {Mugglestone, M. A. and Renshaw, E.},
	doi = {10.1023/A:1011339607376},
	journal = {Environmental and Ecological Statistics},
	number = {3},
	pages = {237--251},
	title = {Spectral tests of randomness for spatial point patterns},
	volume = {8},
	year = {2001},
}


@article{Ogata1978,
author = {Ogata, Y.},
title = {The asymptotic behaviour of maximum likelihood estimators for stationary point processes},
journal = {Annals of the Institute of Statistical Mathematics},
volume = {30},
pages = {243-261},
year  = {1978},
doi = {10.1007/BF02480216}
}

@article{Ogata1981,
    title={On {L}ewis' simulation method for point processes},
    author={Ogata, Y.},
    journal={IEEE Transactions on Information Theory},
    year={1981},
    volume={27},
    pages={23-30},
    doi = {10.1109/TIT.1981.1056305}
}

@article{Ogata1988,
    author = {Ogata, Y.},
    Journal = {Journal of the American Statistical Association},
    Pages = {9--27},
    Title = {Statistical Models for Earthquake Occurrences and Residual Analysis for Point Processes},
    Volume = {83},
    Year = {1988},
    Number = {1},
    doi = {10.2307/2288914}
}


@article{Ogata1998,
    author = {Ogata, Y.},
    Journal = {Annals of the Institute of Statistical Mathematics},
    Pages = {379--402},
    Title = {Space-Time Point-Process Models for Earthquake Occurrences},
    Volume = {50},
    Year = {1998},
    Number = {2},
    doi = {10.1023/A:1003403601725}
}


@InProceedings{Olinde2020,
    title={A Self-limiting {H}awkes Process: Interpretation, Estimation, and Use in Crime Modeling},
    author={Olinde, J. and Short, M.B.},
    booktitle={2020 IEEE International Conference on Big Data (Big Data)},
    year={2020},
    pages={3212-3219},
}

@article{Ozaki1979,
    title={Maximum likelihood estimation of {H}awkes' self-exciting point processes},
    volume={31},
    journal={Annals of the Institute of Statistical Mathematics},
    author={Ozaki, T.},
    year={1979},
    pages={145–155},
    number = {1},
    doi = {10.1007/BF02480272}
}


@article{Petersen2016,
author = {Petersen, P.C. and Berg, R.W.},
year = {2016},
volume = {5},
pages = {e18805},
title = {Lognormal firing rate distribution reveals prominent fluctuation-driven regime in spinal motor networks},
journal = {eLife},
doi = {10.7554/eLife.18805}
}


@article{Pham1996,
  author={Pham, D.T.},
  journal={IEEE Transactions on Signal Processing}, 
  title={Blind separation of instantaneous mixture of sources via an independent component analysis}, 
  year={1996},
  volume={44},
  number={11},
  pages={2768-2779},
  doi={10.1109/78.542183}}


@book{Pinsky2008,
  title={Introduction to Fourier Analysis and Wavelets},
  author={Pinsky, M.A.},
  isbn={9780821847978},
  series={Graduate studies in mathematics},
  year={2008},
  publisher={American Mathematical Society}
}


@article{Radosevic2019,
author = {Radosevic, M. and Willumsen, A. and Petersen, P.C. and Lindén, H. and Vestergaard, M. and Berg, R.W.},
year = {2019},
volume = {10},
pages = {1-14},
title = {Decoupling of timescales reveals sparse convergent CPG network in the adult spinal cord},
journal = {Nature Communications},
number = {2937},
doi = {10.1038/s41467-019-10822-9}
}


@article{Rajala2023,
  title={What is the Fourier Transform of a Spatial Point Process?},
  author={Rajala, T.A. and Olhede, S.C. and Grainger, J.P. and Murrell, D.J.},
  journal={IEEE Transactions on Information Theory},
  year={2023}
}


@article{Rasmussen2013,
title = {Bayesian Inference for {H}awkes Processes},
journal = {Methodology and Computing in Applied Probability},
volume = {15},
pages = {623-642},
year = {2013},
author = {Rasmussen, J.G.},
number = {3},
doi = {10.1007/s11009-011-9272-5}
}


@article{Reynaud2007,
	author = {Reynaud-Bouret, P. and Roy, E.},
	Journal = {Bulletin of the Belgian Mathematical Society - Simon Stevin},
	Pages = {883-896},
	Title = {Some non asymptotic tail estimates for {H}awkes processes},
	Volume = {13},
	Year = {2007},
	Number = {4},
	doi = {10.36045/bbms/1170347811}
}

@article{Reynaud2014,
	author = {Reynaud-Bouret, P. and Rivoirard, V. and Grammont, F. and Tuleau-Malot, C.},
	Journal = {The Journal of Mathematical Neuroscience},
	Pages = {3},
	Title = {Goodness-of-Fit Tests and Nonparametric Adaptive Estimation for Spike Train Analysis},
	Volume = {4},
	Year = {2014},
        Number = {3},
        doi = {10.1186/2190-8567-4-3}
}

@article{Reynaud2018,
	author = {Reynaud-Bouret, P. and Lambert, R.C. and Tuleau-Malot, C. and Bessaih, T. and Rivoirard, V. and Bouret, Y. and Leresche, N.},
	Journal = {Journal of Neuroscience Methods},
	Pages = {9-21},
	Title = {Reconstructing the functional connectivity of multiple spike trains using {H}awkes models},
	Volume = {297},
	Year = {2018},
	doi={10.1016/j.jneumeth.2017.12.026}
}


@article{Reynaud2022,
	author = {Reynaud-Bouret, P. and Muzy, A. and Bethus, I.},
	Journal = {Comptes rendus. Mathématique},
	Pages = {481-492},
	Title = {Towards a mathematical definition of functional connectivity},
	Volume = {359},
	Year = {2021},
	doi = {10.5802/crmath.190}
}


@article{Rizoiu2017,
  author = {Rizoiu, M.A. and Lee, Y. and Mishra, S. and Xie, L.},
  title = {A Tutorial on {H}awkes Processes for Events in Social Media},
  note = {Preprint at \url{https://arxiv.org/abs/1708.06401}},
  year = {2017},
}


@InProceedings{Rizoiu2018,
 author={Rizoiu, M. and Mishra, S. and Kong, Q. and Carman, M. and Xie, L.},
 title={{SIR}-{H}awkes: linking epidemic models and {H}awkes processes to model diffusions in finite populations},
 booktitle={Proceedings of the 2018 World Wide Web Conference},
 year={2018},
 publisher={International World Wide Web Conferences Steering Committee},
 pages={419-428},
}


@InProceedings{Short2020,
    title={A Self-limiting {H}awkes Process: Interpretation, Estimation, and Use in Crime Modeling},
    author={Olinde, J. and Short, M.B.},
    booktitle={2020 IEEE International Conference on Big Data (Big Data)},
    year={2020},
    pages={3212-3219},
}

***It was published !! @misc{Sulem2021,
  author = {Sulem, D. and Rivoirard, V. and Rousseau, J.},
  title = {Bayesian estimation of nonlinear {H}awkes process},
  note = {Preprint at \url{https://arxiv.org/abs/2103.17164}},
  year = {2021},
}

@article{Tibshirani1996,
 author = {Tibshirani, R.},
 journal = {Journal of the Royal Statistical Society. Series B (Methodological)},
 number = {1},
 pages = {267-288},
 title = {Regression Shrinkage and Selection via the Lasso},
 volume = {58},
 year = {1996},
 doi = {10.1111/j.2517-6161.1996.tb02080.x}
}

@InProceedings{Trouleau2019,
  title = 	 {Learning {H}awkes Processes Under Synchronization Noise},
  author =       {Trouleau, William and Etesami, Jalal and Grossglauser, Matthias and Kiyavash, Negar and Thiran, Patrick},
  booktitle = 	 {Proceedings of the 36th International Conference on Machine Learning},
  pages = 	 {6325--6334},
  year = 	 {2019},
  editor = 	 {Chaudhuri, Kamalika and Salakhutdinov, Ruslan},
  volume = 	 {97},
  series = 	 {Proceedings of Machine Learning Research},
  publisher =    {PMLR},
}



@article{Tuan1981,
	author = {Tuan, P.D.},
	journal = {The Annals of Statistics},
	number = {3},
	pages = {615 -- 627},
	title = {{Estimation of the Spectral Parameters of a Stationary Point Process}},
	volume = {9},
	year = {1981},
}


@article{Veen2008,
author = {Veen, A. and Schoenberg, F.P.},
title = {Estimation of Space–Time Branching Process Models in Seismology Using an EM–Type Algorithm},
journal = {Journal of the American Statistical Association},
volume = {103},
number = {482},
pages = {614-624},
year  = {2008},
publisher = {Taylor & Francis},
doi = {10.1198/016214508000000148}
}


@article{Villani2022,
title = {Spectral Subsampling MCMC for Stationary Multivariate Time Series with Applications to Vector ARTFIMA Processes},
journal = {Econometrics and Statistics},
year = {2022},
author = {Villani, M and Quiroz, M and Kohn, R and Salomone, R},
}

@article{Westcott1971,
 author = {Westcott, M.},
 journal = {Journal of the Royal Statistical Society.},
 pages = {290--300},
 publisher = {[Royal Statistical Society, Wiley]},
 title = {On Existence and Mixing Results for Cluster Point Processes},
 volume = {33},
 year = {1971},
 number = {2},
}


@article{Whittle1952,
	author = {Whittle, P},
	journal = {Scandinavian Actuarial Journal},
	number = {1-2},
	pages = {48-60},
	title = {Some results in time series analysis},
	volume = {1952},
	year = {1952},
}


@InProceedings{Yang2017,
 author = {Yang, Y. and Etesami, J. and He, N. and Kiyavash, N.},
 title = {Online Learning for Multivariate {H}awkes Processes},
 booktitle = {Advances in Neural Information Processing Systems},
 publisher = {Curran Associates, Inc.},
 year = {2017},
 editor = {Guyon ,I. and Von Luxburg, U. and Bengio, S. and Wallach, H. and Fergus, R. and Vishwanathan, S. and Garnett, R.},
 volume = {30},
 address = {California},
}


@InProceedings{Zuo2021,
  author = {Zuo, S. and Jiang, H. and Li, Z. and Zhao, T. and Zha, H.},
  title = {Transformer {H}awkes Process},
  booktitle = {Proceedings of the 37th International Conference on Machine Learning},
  publisher = {PMLR},
  year = {2020},
  pages = {11692-11702},
  address = {California},
}